@misc{docsWx,
    title={Documentação WxWidgets},
    author={Julian Smart and Vadim Zeitlin and Robin Dunn and Stefan Csomor and Bryan Petty and Francesco Montorsi and Robert Roebling},
    url={https://docs.wxwidgets.org/3.0/},
    urlaccessdate = {20 de janeiro de 2022.}
}

@misc{docsCv,
    title={Documentação OpenCV},
    author={OpenCV team},
    url={https://www.opencv-srf.com/p/introduction.html},
    urlaccessdate = {25 de janeiro de 2022.}
}